@article{hickmann2015forecasting,
  title   = {Forecasting the 2013--2014 influenza season using Wikipedia},
  author  = {Hickmann, Kyle S and Fairchild, Geoffrey and Priedhorsky, Reid and Generous, Nicholas and Hyman, James M and Deshpande, Alina and Del Valle, Sara Y},
  journal = {PLoS computational biology},
  volume  = {11},
  number  = {5},
  pages   = {e1004239},
  year    = {2015},
  publisher = {Public Library of Science}
}

@article{world2014global,
  title={Global epidemiological surveillance standards for influenza},
  author={World Health Organization and others},
  journal={World Health Organization},
  year={2014}
}

@misc{wiki:flu,
  author = {{Influenza}},
  title = "Influenza --- {W}ikipedia{,} The Free Encyclopedia",
  year = "2018",
  url = "https://en.wikipedia.org/wiki/Influenza",
  note = "[Online; accessed 1-March-2018]"
}

@misc{cpid,
  title = {Columbia Prediction of Infectious Diseases},
  url = "http://cpid.iri.columbia.edu",
  note = {Online; accessed 1-March-2018}
}

@misc{H1N1,
  title = {DC dc estimates of 2009 H1N1 influenza cases, hospitalizations and deaths in the united states},
  url = "https://www.cdc.gov/h1n1flu/estimates_2009_h1n1.htm",
  note = {Online; accessed 1-March-2018}
}

@inproceedings{TwitterSeasonalFlu,
  title={Twitter Improves Seasonal Influenza Prediction.},
  author={Achrekar, Harshavardhan and Gandhe, Avinash and Lazarus, Ross and Yu, Ssu-Hsin and Liu, Benyuan},
  booktitle={Healthinf},
  pages={61--70},
  year={2012}
}

@article{GoogleFlu,
  title = {The parable of google flu: traps in big data analysis},
  author= {David Lazer, Ryan Kennedy, Gary King and Alessandro Vespignani},
  journal = {Science},
  volume  = {343},
  number  = {6176},
  pages   = {1203},
  year    = {2014}
}

@article{TwitterFlu,
  title = {Predicting flu trends using twitter data},
  author= {Harshavardhan Achrekar, Avinash Gandhe and Ross Lazarus},
  journal = {Computer Communications Workshops (INFOCOM WKSHPS), 2011 IEEE Conference on. IEE},
  year    = {2011}
}

@article{MediaFlu,
  title = {Text and structural data mining of influenza mentions in web and social media},
  author= {Corley CD, Cook DJ, Mikler AR and Singh KP},
  journal = {International journal of environmental research and public healt},
  volume  = {7},
  number  = {2},
  pages   = {596},
  year    = {2010}
}

@misc{TwitterUser,
  title = {Number of monthly active Twitter users worldwide from 1st quarter 2010 to 4th quarter 2017 (in millions)},
  url = "https://www.statista.com/statistics/282087/number-of-monthly-active-twitter-users/",
  note = {Online; accessed 1-March-2018}
}

@article{TwitterAnalyzeMessage,
  title = {Towards detecting influenza epidemics by analyzing Twitter messages},
  author= {Aron Culotta},
  journal = {Proceedings of the first workshop on social media analytics},
  pages   = {115},
  year    = {2010}
}

@article{TwitterWorldWide,
  title = {Worldwide influenza surveillance through twitter.},
  author= {Michael J. Paul, Mark Dredze, David A. Broniatowski and Nicholas Generous},
  journal = {In AAAI Workshop: WWW and Public Health Intelligence.},
  year    = {2015}
}

@article{Santillana,
  title = {Combining search, social media, and traditional data sources to improve influenza surveillance},
  author= {Santillana, Mauricio, Andr√© T. Nguyen, Mark Dredze, Michael J. Paul, Elaine O. Nsoesie, and John S. Brownstein },
  journal = {PLoS computational biology},
  volume  = {11},
  number  = {10},
  pages   = {e1004513},
  year    = {2015}
}

@article{Santos,
  title = {Analysing Twitter and web queries for flu trend prediction},
  author= {Santos, Jose Carlos, and Sergio Matos},
  journal = {Theoretical Biology and Medical Modelling},
  volume  = {11},
  number  = {1},
  pages   = {S6},
  year    = {2014}
}

@article{Culotta,
  title = {Detecting influenza outbreaks by analyzing Twitter messages},
  author= {Aron Culotta},
  journal = {arXiv preprint arXiv},
  pages   = {1007.4748},
  year    = {2010}
}

@article{Li,
  title = {Early stage influenza detection from twitter},
  author= {Jiwei Liand Claire Cardi},
  journal = {arXiv preprint arXiv},
  pages   = {1309.7340},
  year    = {2013}
}

@article{Chen,
  title = {Syndromic surveillance of flu on twitter using weakly supervised temporal topic models},
  author= {Chen, Liangzhe, KSM Tozammel Hossain, Patrick Butler, Naren Ramakrishnan, and B. Aditya Prakash},
  journal = {Data Mining and Knowledge Discovery},
  volume  = {30},
  number  = {3},
  pages   = {681},
  year    = {2016}
}

@article{Aramaki,
  title = {Twitter catches the flu: detecting influenza epidemics using Twitter},
  author= {Aramaki, Eiji, Sachiko Maskawa, and Mizuki Morita},
  journal = {Proceedings of the conference on empirical methods in natural language processing},
  pages   = {1568},
  year    = {2016},
  publisher = {Association for Computational Linguistics}
}

@article{TwitterSurveillance,
  title = {Real-time disease surveillance using twitter data: demonstration on flu and cancer.},
  author= {Lee, Kathy, Ankit Agrawal, and Alok Choudhary},
  journal = {Proceedings of the 19th ACM SIGKDD international conference on Knowledge discovery and data mining},
  pages   = {1474},
  year    = {2013}
}

@article{TwitterNNs,
  title = {Forecasting Influenza Levels Using Real-Time Social Media Streams},
  author= {Lee, Kathy, Ankit Agrawal, and Alok Choudhary},
  journal = {Healthcare Informatics (ICHI), 2017 IEEE International Conference on. IEEE},
  pages   = {409},
  year    = {2017}
}

@inproceedings{lee2017forecasting,
  title={Forecasting Influenza Levels Using Real-Time Social Media Streams},
  author={Lee, Kathy and Agrawal, Ankit and Choudhary, Alok},
  booktitle={Healthcare Informatics (ICHI), 2017 IEEE International Conference on},
  pages={409--414},
  year={2017},
  organization={IEEE}
}

@article{WilcoxonRankSum,
  title = {Individual comparisons by ranking methods},
  author= {Wilcoxon, Frank},
  journal = {Biometrics bulletin },
  volume  = {1},
  number  = {6},
  pages   = {80},
  year    = {1945}
}


@misc{wiki:correlation,
  title = "Pearson correlation coefficient --- {W}ikipedia{,} The Free Encyclopedia",
  url = "https://en.wikipedia.org/wiki/Pearson_correlation_coefficient",
  note = "[Online; accessed 1-March-2018]"
}


@misc{wiki:root-mean-square,
  title = "Root-mean-square deviation --- {W}ikipedia{,} The Free Encyclopedia",
  url = "https://en.wikipedia.org/wiki/Root-mean-square_deviation",
  note = "[Online; accessed 1-March-2018]"
}
